%YAML 1.1
%TAG !u! tag:unity3d.com,2011:
--- !u!243 &-6967322717723798261
AudioMixerGroupController:
  m_ObjectHideFlags: 0
  m_CorrespondingSourceObject: {fileID: 0}
  m_PrefabInstance: {fileID: 0}
  m_PrefabAsset: {fileID: 0}
  m_Name: Music
  m_AudioMixer: {fileID: 24100000}
  m_GroupID: f40301baf5402d642ae12c8774507e7a
  m_Children: []
  m_Volume: df357738758b83747b56d5e67a3efbb6
  m_Pitch: a25086afddd6a2242ac853bbaa202f00
  m_Send: 00000000000000000000000000000000
  m_Effects:
  - {fileID: -3350835999053054704}
  m_UserColorIndex: 0
  m_Mute: 0
  m_Solo: 0
  m_BypassEffects: 0
--- !u!243 &-6190679403351095173
AudioMixerGroupController:
  m_ObjectHideFlags: 0
  m_CorrespondingSourceObject: {fileID: 0}
  m_PrefabInstance: {fileID: 0}
  m_PrefabAsset: {fileID: 0}
  m_Name: OtherSounds
  m_AudioMixer: {fileID: 24100000}
  m_GroupID: 97da35a9ccd2e7d49be2c83397fa2521
  m_Children: []
  m_Volume: 9e0acf4a1624dfe41bacc06375c4e353
  m_Pitch: 5c0720f9926bf224b8d54759653b2b82
  m_Send: 00000000000000000000000000000000
  m_Effects:
  - {fileID: 8578803427056813765}
  m_UserColorIndex: 0
  m_Mute: 0
  m_Solo: 0
  m_BypassEffects: 0
--- !u!244 &-5416101686174582983
AudioMixerEffectController:
  m_ObjectHideFlags: 3
  m_CorrespondingSourceObject: {fileID: 0}
  m_PrefabInstance: {fileID: 0}
  m_PrefabAsset: {fileID: 0}
  m_Name: 
  m_EffectID: 051c1471defaae5488978d463d717bdb
  m_EffectName: Attenuation
  m_MixLevel: 443729b97598b5348bc499fad0107452
  m_Parameters: []
  m_SendTarget: {fileID: 0}
  m_EnableWetMix: 0
  m_Bypass: 0
--- !u!244 &-5303452681252960860
AudioMixerEffectController:
  m_ObjectHideFlags: 3
  m_CorrespondingSourceObject: {fileID: 0}
  m_PrefabInstance: {fileID: 0}
  m_PrefabAsset: {fileID: 0}
  m_Name: 
  m_EffectID: 6e6060e487ec3194c8e429853c641d67
  m_EffectName: Attenuation
  m_MixLevel: 5e32b9f4293bd904ca767666b8a6db23
  m_Parameters: []
  m_SendTarget: {fileID: 0}
  m_EnableWetMix: 0
  m_Bypass: 0
--- !u!244 &-3350835999053054704
AudioMixerEffectController:
  m_ObjectHideFlags: 3
  m_CorrespondingSourceObject: {fileID: 0}
  m_PrefabInstance: {fileID: 0}
  m_PrefabAsset: {fileID: 0}
  m_Name: 
  m_EffectID: 724275bcd508fdb49a05237823373381
  m_EffectName: Attenuation
  m_MixLevel: 8707c5d058f61a04ba4944a16d81c84e
  m_Parameters: []
  m_SendTarget: {fileID: 0}
  m_EnableWetMix: 0
  m_Bypass: 0
--- !u!241 &24100000
AudioMixerController:
  m_ObjectHideFlags: 0
  m_CorrespondingSourceObject: {fileID: 0}
  m_PrefabInstance: {fileID: 0}
  m_PrefabAsset: {fileID: 0}
  m_Name: Game
  m_OutputGroup: {fileID: 0}
  m_MasterGroup: {fileID: 24300002}
  m_Snapshots:
  - {fileID: 24500006}
  m_StartSnapshot: {fileID: 24500006}
  m_SuspendThreshold: -80
  m_EnableSuspend: 1
  m_UpdateMode: 0
  m_ExposedParameters:
  - guid: 8b0feb73e0356e445a291992910a820f
    name: MasterVolume
  - guid: df357738758b83747b56d5e67a3efbb6
    name: MusicVolume
  m_AudioMixerGroupViews:
  - guids:
    - 88868fd9d53410c4784e6368ec920f12
    - f40301baf5402d642ae12c8774507e7a
    - c81b8e2400b60ac4f9c509c05f400dfe
    - b1258a2f7b3dbe94a97ee0f3d5373318
    - cdcdfbd28938a4f4d871d7362870d58f
    - 97da35a9ccd2e7d49be2c83397fa2521
    name: View
  m_CurrentViewIndex: 0
  m_TargetSnapshot: {fileID: 24500006}
--- !u!243 &24300002
AudioMixerGroupController:
  m_ObjectHideFlags: 0
  m_CorrespondingSourceObject: {fileID: 0}
  m_PrefabInstance: {fileID: 0}
  m_PrefabAsset: {fileID: 0}
  m_Name: Master
  m_AudioMixer: {fileID: 24100000}
  m_GroupID: 88868fd9d53410c4784e6368ec920f12
  m_Children:
  - {fileID: -6967322717723798261}
  - {fileID: 5177506061159172214}
  - {fileID: 4279103878235841920}
  - {fileID: 5666503498935517095}
  - {fileID: -6190679403351095173}
  m_Volume: 8b0feb73e0356e445a291992910a820f
  m_Pitch: d49975696e99c324b851759d8391fad6
  m_Send: 00000000000000000000000000000000
  m_Effects:
  - {fileID: 24400004}
  m_UserColorIndex: 0
  m_Mute: 0
  m_Solo: 0
  m_BypassEffects: 0
--- !u!244 &24400004
AudioMixerEffectController:
  m_ObjectHideFlags: 3
  m_CorrespondingSourceObject: {fileID: 0}
  m_PrefabInstance: {fileID: 0}
  m_PrefabAsset: {fileID: 0}
  m_Name: 
  m_EffectID: dbb07ccfd2a4c6044b30d862919a3513
  m_EffectName: Attenuation
  m_MixLevel: 1beab2609b2f2824f9c687cf16460f7e
  m_Parameters: []
  m_SendTarget: {fileID: 0}
  m_EnableWetMix: 0
  m_Bypass: 0
--- !u!245 &24500006
AudioMixerSnapshotController:
  m_ObjectHideFlags: 0
  m_CorrespondingSourceObject: {fileID: 0}
  m_PrefabInstance: {fileID: 0}
  m_PrefabAsset: {fileID: 0}
  m_Name: Application
  m_AudioMixer: {fileID: 24100000}
  m_SnapshotID: 778d14947d8456c40bdf1853b2d74508
  m_FloatValues:
    48028e5103370a74ca356811ca02c3a0: -9.833286
    8b0feb73e0356e445a291992910a820f: -80
    349e58e3479be654681e2668fcc91184: -15.421314
    df357738758b83747b56d5e67a3efbb6: -80
    9e0acf4a1624dfe41bacc06375c4e353: -14.816608
    9df659fb6657c254699fd2f889db28f2: -20.09816
    e64cf86c2742ff848bfacef0cd58d6b9: -10.4748535
  m_TransitionOverrides: {}
--- !u!243 &4279103878235841920
AudioMixerGroupController:
  m_ObjectHideFlags: 0
  m_CorrespondingSourceObject: {fileID: 0}
  m_PrefabInstance: {fileID: 0}
  m_PrefabAsset: {fileID: 0}
  m_Name: Horn
  m_AudioMixer: {fileID: 24100000}
  m_GroupID: b1258a2f7b3dbe94a97ee0f3d5373318
  m_Children: []
  m_Volume: 48028e5103370a74ca356811ca02c3a0
  m_Pitch: a5de41f58fb1bbf41a914fccf5811348
  m_Send: 00000000000000000000000000000000
  m_Effects:
  - {fileID: 8909841122267788976}
  m_UserColorIndex: 0
  m_Mute: 0
  m_Solo: 0
  m_BypassEffects: 0
--- !u!245 &4357009833777542028
AudioMixerSnapshotController:
  m_ObjectHideFlags: 0
  m_CorrespondingSourceObject: {fileID: 0}
  m_PrefabInstance: {fileID: 0}
  m_PrefabAsset: {fileID: 0}
  m_Name: ApplicationStart
  m_AudioMixer: {fileID: 24100000}
  m_SnapshotID: fa539a192596906409c3a74a949791d3
  m_FloatValues:
    8b0feb73e0356e445a291992910a820f: -0.43201196
    349e58e3479be654681e2668fcc91184: -9.833286
    df357738758b83747b56d5e67a3efbb6: -9.833286
    9e0acf4a1624dfe41bacc06375c4e353: -9.833286
    9df659fb6657c254699fd2f889db28f2: -19.928473
  m_TransitionOverrides: {}
--- !u!243 &4598215573482269587
AudioMixerGroupController:
  m_ObjectHideFlags: 0
  m_CorrespondingSourceObject: {fileID: 0}
  m_PrefabInstance: {fileID: 0}
  m_PrefabAsset: {fileID: 0}
  m_Name: Vehicle
  m_AudioMixer: {fileID: 24100000}
  m_GroupID: 4cae142c1f113d242b8929435bb23689
  m_Children:
  - {fileID: 5177506061159172214}
  - {fileID: 4279103878235841920}
  m_Volume: 9df659fb6657c254699fd2f889db28f2
  m_Pitch: eceb6e218c8dae2439c46c2218cdee42
  m_Send: 00000000000000000000000000000000
  m_Effects:
  - {fileID: -5303452681252960860}
  m_UserColorIndex: 0
  m_Mute: 0
  m_Solo: 0
  m_BypassEffects: 0
--- !u!243 &5177506061159172214
AudioMixerGroupController:
  m_ObjectHideFlags: 0
  m_CorrespondingSourceObject: {fileID: 0}
  m_PrefabInstance: {fileID: 0}
  m_PrefabAsset: {fileID: 0}
  m_Name: Engine
  m_AudioMixer: {fileID: 24100000}
  m_GroupID: c81b8e2400b60ac4f9c509c05f400dfe
  m_Children: []
  m_Volume: e64cf86c2742ff848bfacef0cd58d6b9
  m_Pitch: c3892bb7228c7da4cb06500e0200d5da
  m_Send: 00000000000000000000000000000000
  m_Effects:
  - {fileID: 6582241078823878512}
  m_UserColorIndex: 0
  m_Mute: 0
  m_Solo: 0
  m_BypassEffects: 0
--- !u!243 &5666503498935517095
AudioMixerGroupController:
  m_ObjectHideFlags: 0
  m_CorrespondingSourceObject: {fileID: 0}
  m_PrefabInstance: {fileID: 0}
  m_PrefabAsset: {fileID: 0}
  m_Name: Player
  m_AudioMixer: {fileID: 24100000}
  m_GroupID: cdcdfbd28938a4f4d871d7362870d58f
  m_Children: []
  m_Volume: 349e58e3479be654681e2668fcc91184
  m_Pitch: ac5ef206d83d7744a92d07261ca13be7
  m_Send: 00000000000000000000000000000000
  m_Effects:
  - {fileID: -5416101686174582983}
  m_UserColorIndex: 0
  m_Mute: 0
  m_Solo: 0
  m_BypassEffects: 0
--- !u!244 &6582241078823878512
AudioMixerEffectController:
  m_ObjectHideFlags: 3
  m_CorrespondingSourceObject: {fileID: 0}
  m_PrefabInstance: {fileID: 0}
  m_PrefabAsset: {fileID: 0}
  m_Name: 
  m_EffectID: 23880f4a6946f1344ab2afdf2cc3358c
  m_EffectName: Attenuation
  m_MixLevel: 35314049ca399514385eb2d77f781de8
  m_Parameters: []
  m_SendTarget: {fileID: 0}
  m_EnableWetMix: 0
  m_Bypass: 0
--- !u!244 &8578803427056813765
AudioMixerEffectController:
  m_ObjectHideFlags: 3
  m_CorrespondingSourceObject: {fileID: 0}
  m_PrefabInstance: {fileID: 0}
  m_PrefabAsset: {fileID: 0}
  m_Name: 
  m_EffectID: ea2fa02cc644fec4ebab4b3537301f62
  m_EffectName: Attenuation
  m_MixLevel: 03718b357dfc0ab47ad2cb645c51e195
  m_Parameters: []
  m_SendTarget: {fileID: 0}
  m_EnableWetMix: 0
  m_Bypass: 0
--- !u!244 &8909841122267788976
AudioMixerEffectController:
  m_ObjectHideFlags: 3
  m_CorrespondingSourceObject: {fileID: 0}
  m_PrefabInstance: {fileID: 0}
  m_PrefabAsset: {fileID: 0}
  m_Name: 
  m_EffectID: 1a85ba1b7d937914982b6e52b660fabc
  m_EffectName: Attenuation
  m_MixLevel: 34306340479cc4348b855010f4daf063
  m_Parameters: []
  m_SendTarget: {fileID: 0}
  m_EnableWetMix: 0
  m_Bypass: 0
